<record><leader>00000cas a2200000 a 4500</leader><controlfield tag="001">11736114</controlfield><controlfield tag="008">850226d19091954ksuwr ne      0   a0eng d</controlfield><datafield ind1=" " ind2=" " tag="010"><subfield code="a">sn 84030251 </subfield></datafield><datafield ind1=" " ind2=" " tag="040"><subfield code="a">KSH</subfield><subfield code="b">eng</subfield><subfield code="c">KSH</subfield><subfield code="d">NPT</subfield><subfield code="d">OCL</subfield><subfield code="d">OCLCQ</subfield></datafield><datafield ind1=" " ind2=" " tag="042"><subfield code="a">msc</subfield></datafield><datafield ind1="0" ind2="0" tag="245"><subfield code="a">Hamilton grit.</subfield></datafield><datafield ind1="1" ind2="3" tag="246"><subfield code="a">Hamilton grit and the Hamilton times and eagle</subfield><subfield code="f">Sept. 9, 1909-Feb. 24, 1910</subfield></datafield><datafield ind1=" " ind2=" " tag="260"><subfield code="a">Hamilton, Kan. :</subfield><subfield code="b">T.S. Howell,</subfield><subfield code="c">1909-1954.</subfield></datafield><datafield ind1=" " ind2=" " tag="300"><subfield code="a">43 v. :</subfield><subfield code="b">ill. ;</subfield><subfield code="c">39-55 cm.</subfield></datafield><datafield ind1=" " ind2=" " tag="310"><subfield code="a">Weekly</subfield></datafield><datafield ind1="0" ind2=" " tag="362"><subfield code="a">Vol. 6, no. 4 (Sept. 2, 1909)-v. 9, no. 22 (Dec. 26, 1912) ; v. 5, no. 1 (Jan. 2, 1913)-v. 54, no. 25 (July 29, 1954).</subfield></datafield><datafield ind1=" " ind2=" " tag="500"><subfield code="a">Publisher varies.</subfield></datafield><datafield ind1=" " ind2=" " tag="752"><subfield code="a">United States</subfield><subfield code="b">Kansas</subfield><subfield code="c">Greenwood</subfield><subfield code="d">Hamilton.</subfield></datafield><datafield ind1="0" ind2="0" tag="780"><subfield code="t">Hamilton times</subfield><subfield code="w">(DLC)sn 84030229</subfield></datafield></record>